<?xml version="1.0" encoding="UTF-8"?><collection xmlns="http://www.loc.gov/MARC21/slim"><record><leader>00382nam--2200133-i-4500</leader><controlfield tag="001">000034581</controlfield><controlfield tag="002">20161230</controlfield><controlfield tag="005">20161230201040</controlfield><controlfield tag="008">060222s1000------------r-----000-0-eng-d</controlfield><datafield ind1=" " ind2=" " tag="080"><subfield code="a">548</subfield></datafield><datafield ind1=" " ind2=" " tag="100"><subfield code="a">Neves, J.M.Correia</subfield></datafield><datafield ind1=" " ind2=" " tag="245"><subfield code="a">Pegmatitos com berilo, columbite-tantalite e fosfatos da nendada</subfield></datafield><datafield ind1=" " ind2=" " tag="260"><subfield code="a">Coimbra, Comissao De Estudos Da Energia Nuclear, 1960. 172p</subfield></datafield><datafield ind1=" " ind2=" " tag="852"><subfield code="a">7630</subfield></datafield></record></collection>